<?xml version="1.0" encoding="UTF-8"?><collection xmlns="http://www.loc.gov/MARC21/slim"><record><leader>00413nam--2200133-i-4500</leader><controlfield tag="001">000013297</controlfield><controlfield tag="002">20161230</controlfield><controlfield tag="005">20161230201030</controlfield><controlfield tag="008">060222s1000------------r-----000-0-eng-d</controlfield><datafield ind1=" " ind2=" " tag="100"><subfield code="a">Carrick, Alan</subfield></datafield><datafield ind1=" " ind2=" " tag="245"><subfield code="a">Computers and instrumentation. a practical han dbook of measurement, interfacing and control circuits</subfield></datafield><datafield ind1=" " ind2=" " tag="260"><subfield code="a">London, Heyden, 1979</subfield></datafield><datafield ind1=" " ind2=" " tag="490"><subfield code="a">Hayden International Topics In Science</subfield></datafield><datafield ind1=" " ind2=" " tag="852"><subfield code="a">681.325</subfield></datafield></record></collection>